<?xml version="1.0" encoding="UTF-8"?><record xmlns="http://www.loc.gov/MARC21/slim" xmlns:cinclude="http://apache.org/cocoon/include/1.0" xmlns:zs="http://www.loc.gov/zing/srw/">
  <leader>00799cz  a2200217n  4500</leader>
  <controlfield tag="001">n  93900856 </controlfield>
  <controlfield tag="003">DLC</controlfield>
  <controlfield tag="005">19960411103824.5</controlfield>
  <controlfield tag="008">950301n| acannaaa|          |a ana |||  </controlfield>
  <datafield tag="010" ind1=" " ind2=" ">
    <subfield code="a">n  93900856 </subfield>
  </datafield>
  <datafield tag="040" ind1=" " ind2=" ">
    <subfield code="a">DLC</subfield>
    <subfield code="c">DLC</subfield>
    <subfield code="d">DLC</subfield>
  </datafield>
  <datafield tag="130" ind1=" " ind2="0">
    <subfield code="a">AdSaúde, série temática</subfield>
  </datafield>
  <datafield tag="410" ind1="2" ind2="0">
    <subfield code="a">Universidade de São Paulo.</subfield>
    <subfield code="b">Faculdade de Saúde Pública.</subfield>
    <subfield code="t">AdSaúde, série temática</subfield>
  </datafield>
  <datafield tag="430" ind1=" " ind2="0">
    <subfield code="a">Série Temática (São Paulo, Brazil)</subfield>
  </datafield>
  <datafield tag="430" ind1=" " ind2="0">
    <subfield code="a">Temática</subfield>
  </datafield>
  <datafield tag="430" ind1=" " ind2="0">
    <subfield code="a">Série Temáica AdSaúde</subfield>
  </datafield>
  <datafield tag="643" ind1=" " ind2=" ">
    <subfield code="a">São Paulo</subfield>
    <subfield code="b">Universidade de São Paulo, Faculdade de Saúde Pública.</subfield>
  </datafield>
  <datafield tag="644" ind1=" " ind2=" ">
    <subfield code="a">n</subfield>
    <subfield code="5">DLC</subfield>
  </datafield>
  <datafield tag="645" ind1=" " ind2=" ">
    <subfield code="a">n</subfield>
    <subfield code="5">DLC</subfield>
  </datafield>
  <datafield tag="646" ind1=" " ind2=" ">
    <subfield code="a">c</subfield>
    <subfield code="5">DLC</subfield>
  </datafield>
  <datafield tag="670" ind1=" " ind2=" ">
    <subfield code="a">Recursos humanos em saúde no Brasil, 1994:</subfield>
    <subfield code="b">ser. t.p. (AdSaúde, série temática) p. 4 of cover (Série Temática AdSaúde)</subfield>
  </datafield>
</record>